<?xml version="1.0" encoding="UTF-8"?><collection xmlns="http://www.loc.gov/MARC21/slim"><record><leader>00430nam--2200121-i-4500</leader><controlfield tag="001">000024083</controlfield><controlfield tag="002">20161230</controlfield><controlfield tag="005">20161230201035</controlfield><controlfield tag="008">060222s1000------------r-----000-0-eng-d</controlfield><datafield ind1=" " ind2=" " tag="080"><subfield code="a">52:551.5</subfield></datafield><datafield ind1=" " ind2=" " tag="245"><subfield code="a">Horas do nascer, passagem meridiand e ocaso do sol, lua e planetas principais em lourenco marques e na provincia de mocambique, no ano de 1958</subfield></datafield><datafield ind1=" " ind2=" " tag="260"><subfield code="a">Lourenco Marqueq, Observatorio Campos Rodrigues, 1958. 64p</subfield></datafield><datafield ind1=" " ind2=" " tag="852"><subfield code="a">48139</subfield></datafield></record></collection>